@article{Kasimatis:2019cs,
author = {Kasimatis, Katja R and Ralph, Peter L and Phillips, Patrick C},
title = {{Limits to Genomic Divergence Under Sexually Antagonistic Selection}},
journal = G3,
year = {2019},
volume = {9},
number = {11},
pages = {3813--3824}
}

@article{Haldane:1957ka,
author = {Haldane, J B S},
title = {{The cost of natural selection}},
journal = {Journal of Genetics},
year = {1957},
volume = {55},
number = {3},
pages = {511--524}
}


